@misc{2YouTube,
    title = {{(2) Deep and Reinforcement Learning in 5G and 6G Networks - YouTube}},
    url = {https://www.youtube.com/watch?v=dWZyXRBYQ-Y}
}

@misc{35G,
    title = {{(3) (PDF) A Framework for Placement and Optimization of Network Functions in 5G}},
    url = {https://www.researchgate.net/publication/327646333_A_Framework_for_Placement_and_Optimization_of_Network_Functions_in_5G}
}

@article{Frick23.Network,
    title = {{23. ITG Fachtagung Mobilkommunikation (MKT'18) Integration of NFV with Distributed Orchestration into a WMN-based Disaster Network}},
    author = {Frick, Gregor}
}

@article{ElRhayour20195GOptions,
    title = {{5G Architecture: Deployment scenarios and options}},
    year = {2019},
    journal = {2019 International Symposium on Advanced Electrical and Communication Technologies, ISAECT 2019},
    author = {El Rhayour, Amine and Mazri, Tomader},
    month = {11},
    publisher = {Institute of Electrical and Electronics Engineers Inc.},
    isbn = {9781728137292},
    doi = {10.1109/ISAECT47714.2019.9069723},
    keywords = {4G, 5G, NSA, SA}
}

@article{Santos5GNetworks,
    title = {{5G Backhauling with Software-defined Wireless Mesh Networks}},
    author = {Santos, Ricardo},
    isbn = {9789170639760}
}

@article{Liu20205GPerspective,
    title = {{5G Deployment: Standalone vs. Non-Standalone from the Operator Perspective}},
    year = {2020},
    journal = {IEEE Communications Magazine},
    author = {Liu, Guangyi and Huang, Yuhong and Chen, Zhuo and Liu, Liang and Wang, Qixing and Li, Na},
    number = {11},
    month = {11},
    pages = {83--89},
    volume = {58},
    publisher = {Institute of Electrical and Electronics Engineers Inc.},
    url = {https://devopedia.org/5g-deployment-options},
    doi = {10.1109/MCOM.001.2000230},
    issn = {15581896}
}

@article{Chinchilla-Romero20215G4.0,
    title = {{5G Infrastructure Network Slicing: E2E Mean Delay Model and Effectiveness Assessment to Reduce Downtimes in Industry 4.0}},
    year = {2021},
    journal = {Sensors 2022, Vol. 22, Page 229},
    author = {Chinchilla-Romero, Lorena and Prados-Garzon, Jonathan and Ameigeiras, Pablo and Mu{\~{n}}oz, Pablo and Lopez-Soler, Juan M.},
    number = {1},
    month = {12},
    pages = {229},
    volume = {22},
    publisher = {Multidisciplinary Digital Publishing Institute},
    url = {https://www.mdpi.com/1424-8220/22/1/229/htm https://www.mdpi.com/1424-8220/22/1/229},
    doi = {10.3390/S22010229},
    issn = {1424-8220},
    pmid = {35009771},
    keywords = {5G, delay, infrastructure slicing, isolation, network slicing, private networks, response time}
}

@article{Jain20215GAnalytics,
    title = {{5G network slice for digital real-time healthcare system powered by network data analytics}},
    year = {2021},
    journal = {Internet of Things and Cyber-Physical Systems},
    author = {Jain, Hemant and Chamola, Vinay and Jain, Yash and {Naren}},
    month = {1},
    pages = {14--21},
    volume = {1},
    publisher = {Elsevier},
    doi = {10.1016/J.IOTCPS.2021.12.001},
    issn = {2667-3452}
}

@article{20215GNetworks,
    title = {{5G PPP Technology Board Edge Computing for 5G Networks Edge Computing for 5G Networks}},
    year = {2021},
    url = {https://doi.org/10.5281/zenodo.3698117},
    doi = {10.5281/zenodo.3698117}
}

@misc{5GEnea,
    title = {{5G User Plane Function | Enea}},
    url = {https://www.enea.com/solutions/dpi-traffic-intelligence/networking/5g-user-plane-function/}
}

@article{Garau2017AGrid,
    title = {{A 5G cellular technology for distributed monitoring and control in smart grid}},
    year = {2017},
    journal = {IEEE International Symposium on Broadband Multimedia Systems and Broadcasting, BMSB},
    author = {Garau, Michele and Anedda, Matteo and Desogus, Cristina and Ghiani, Emilio and Murroni, Maurizio and Celli, Gianni},
    month = {7},
    publisher = {IEEE Computer Society},
    isbn = {9781509049370},
    doi = {10.1109/BMSB.2017.7986141},
    issn = {21555052},
    keywords = {5G, LTE-A, M2M, Smart Grid, Traffic and performance monitoring, distributed mangement, multi-agent system, multicast}
}

@article{Farshbafan2019ANFV,
    title = {{A Dynamic Reliability-Aware Service Placement for Network Function Virtualization (NFV)}},
    year = {2019},
    author = {Farshbafan, Mohammad Karimzadeh and Shah-Mansouri, Vahid and Niyato, Dusit},
    month = {11},
    url = {http://arxiv.org/abs/1911.06532},
    arxivId = {1911.06532v1}
}

@article{Farshbafan2019ANFVb,
    title = {{A Dynamic Reliability-Aware Service Placement for Network Function Virtualization (NFV)}},
    year = {2019},
    author = {Farshbafan, Mohammad Karimzadeh and Shah-Mansouri, Vahid and Niyato, Dusit},
    month = {11},
    url = {http://arxiv.org/abs/1911.06532},
    arxivId = {1911.06532v1}
}

@article{Kim2021ANFV,
    title = {{A location-aware network virtualization and reconfiguration for 5G core network based on SDN and NFV}},
    year = {2021},
    journal = {International Journal of Communication Systems},
    author = {Kim, Yong hwan and Gil, Joon Min and Kim, Dongkyun},
    number = {2},
    month = {1},
    pages = {e4160},
    volume = {34},
    publisher = {John Wiley {\&} Sons, Ltd},
    url = {https://onlinelibrary.wiley.com/doi/full/10.1002/dac.4160 https://onlinelibrary.wiley.com/doi/abs/10.1002/dac.4160 https://onlinelibrary.wiley.com/doi/10.1002/dac.4160},
    doi = {10.1002/DAC.4160},
    issn = {1099-1131},
    keywords = {defined networking (SDN), distributed cloud, mobile networks, network function virtualization (NFV), network resources allocation, network virtualization, software}
}

@article{Aceval2016AFormulations,
    title = {{A Multi-Objective Approach for VNE Problems using multiple ILP formulations}},
    year = {2016},
    journal = {CLEI Electronic Journal},
    author = {Aceval, Cristian and D{\'{a}}valos, Enrique and Franco, Víctor and Bar{\'{a}}n, Benjamín},
    month = {8},
    publisher = {Centro Latino Americano de Estudios en Informatica},
    doi = {10.19153/CLEIEJ.19.2.1}
}

@article{Maule2022AAnalysis,
    title = {{A Novel 5G-NR Resources Partitioning Framework Through Real-Time User-Provider Traffic Demand Analysis}},
    year = {2022},
    journal = {IEEE Systems Journal},
    author = {Maule, Massimiliano and Vardakas, John S. and Verikoukis, Christos},
    number = {4},
    month = {12},
    pages = {5317--5328},
    volume = {16},
    publisher = {Institute of Electrical and Electronics Engineers Inc.},
    doi = {10.1109/JSYST.2021.3115896},
    issn = {19379234},
    keywords = {5G, 5G New-Radio (5G-NR), cloud radio access network (C-RAN), network slicing (NS), resources optimization, service-based architecture, testbed}
}

@article{Corici2021AOptions,
    title = {{A Study of 5G Edge-Central Core Network Split Options}},
    year = {2021},
    journal = {Network},
    author = {Corici, Marius and Chakraborty, Pousali and Magedanz, Thomas},
    number = {3},
    month = {12},
    pages = {354--368},
    volume = {1},
    publisher = {MDPI AG},
    doi = {10.3390/network1030020}
}

@article{Assefa2019AModels,
    title = {{A survey of energy efficiency in SDN: Software-based methods and optimization models}},
    year = {2019},
    journal = {Journal of Network and Computer Applications},
    author = {Assefa, Beakal Gizachew and {\"{O}}zkasap, Öznur},
    month = {7},
    pages = {127--143},
    volume = {137},
    publisher = {Academic Press},
    doi = {10.1016/J.JNCA.2019.04.001},
    issn = {1084-8045},
    arxivId = {1807.08866},
    keywords = {End system aware, Energy efficiency, Rule placement, SDN, Software Defined Networking, Traffic aware}
}

@article{LaghrissiAFunctions,
    title = {{A Survey on the Placement of Virtual Resources and Virtual Network Functions}},
    author = {Laghrissi, Abdelquoddouss and Taleb, Tarik},
    keywords = {5G, Cloud, Index Terms-NFV, Mobile, Network Slice, and VNF Placement}
}

@article{Kim2021ACharacteristics,
    title = {{A VNF Placement Method based on VNF Characteristics; A VNF Placement Method based on VNF Characteristics}},
    year = {2021},
    journal = {2021 International Conference on Information Networking (ICOIN)},
    author = {Kim, Sang Il and Kim, Hwa Sung},
    isbn = {9781728191010},
    doi = {10.1109/ICOIN50884.2021.9334022},
    keywords = {NFV, SDN, SFC, VNF Placement}
}

@article{AlShinwan2022AnArchitecture,
    title = {{An Efficient 5G Data Plan Approach Based on Partially Distributed Mobility Architecture}},
    year = {2022},
    journal = {Sensors (Basel, Switzerland)},
    author = {Al Shinwan, Mohammad and Abualigah, Laith and Huy, Trong Dinh and Shdefat, Ahmed Younes and Altalhi, Maryam and Kim, Chulsoo and El-Sappagh, Shaker and Elaziz, Mohamed Abd and Kwak, Kyung Sup},
    number = {1},
    month = {1},
    volume = {22},
    publisher = {Multidisciplinary Digital Publishing Institute  (MDPI)},
    url = {/pmc/articles/PMC8749826/ /pmc/articles/PMC8749826/?report=abstract https://www.ncbi.nlm.nih.gov/pmc/articles/PMC8749826/},
    doi = {10.3390/S22010349},
    issn = {14248220},
    pmid = {35009891},
    keywords = {4G network, 5G network, 6G network, Mobile core network, Partially distributed mobility}
}

@article{KimAnNetworks,
    title = {{An Energy Efficient Sink Location Service for Continuous Objects in Wireless Sensor Networks}},
    author = {Kim, Cheonyong and Kim, Sangdae and Cho, Hyunchong and Kim, Sangha and Oh, Seungmin},
    url = {www.mdpi.com/journal/sensors},
    doi = {10.3390/s20247282},
    keywords = {continuous objects, energy-efficiency, location service, mobile sinks, routing protocols, wireless sensor networks}
}

@article{Deepak2019AnNetworks,
    title = {{An Overview of Post-Disaster Emergency Communication Systems in the Future Networks}},
    year = {2019},
    journal = {IEEE Wireless Communications},
    author = {Deepak, D. C. and Ladas, Alexandros and Sambo, Yusuf Abdulrahman and Pervaiz, Haris and Politis, Christos and Imran, Muhammad Ali},
    number = {6},
    month = {12},
    pages = {132--139},
    volume = {26},
    publisher = {Institute of Electrical and Electronics Engineers Inc.},
    doi = {10.1109/MWC.2019.1800467},
    issn = {15580687}
}

@article{Spain2021BUILDINGInnovation,
    title = {{BUILDING AN OPEN RAN ECOSYSTEM FOR EUROPE for Europe to lead in this essential innovation}},
    year = {2021},
    author = {Spain, Vodafone}
}

@article{Nyanteh2021CloudSimHypervisor:Networks,
    title = {{CloudSimHypervisor: Modeling and Simulating Network Slicing in Software-Defined Cloud Networks}},
    year = {2021},
    journal = {IEEE Access},
    author = {Nyanteh, Andrews O. and Li, Maozhen and Abbod, Maysam F. and Al-Raweshidy, Hamed},
    pages = {72484--72498},
    volume = {9},
    publisher = {Institute of Electrical and Electronics Engineers Inc.},
    doi = {10.1109/ACCESS.2021.3079501},
    issn = {21693536},
    keywords = {CloudSimHypervisor, Virtual software-defined network, network virtualization hypervisor, openflow, tenant controllers}
}

@article{RakComputerNetworks,
    title = {{Computer Communications and Networks Guide to Disaster-Resilient Communication Networks}},
    author = {Rak, Jacek and Hutchison, David},
    url = {http://www.springer.com/series/4198}
}

@article{Thantharate2019DeepSlice:Networks,
    title = {{DeepSlice: A Deep Learning Approach towards an Efficient and Reliable Network Slicing in 5G Networks}},
    year = {2019},
    journal = {2019 IEEE 10th Annual Ubiquitous Computing, Electronics and Mobile Communication Conference, UEMCON 2019},
    author = {Thantharate, Anurag and Paropkari, Rahul and Walunj, Vijay and Beard, Cory},
    month = {10},
    pages = {0762--0767},
    publisher = {Institute of Electrical and Electronics Engineers Inc.},
    isbn = {9781728138855},
    doi = {10.1109/UEMCON47517.2019.8993066},
    keywords = {5G Cellular Networks, Deep Learning Neural Networks, Machine Learning, Network Slicing, Network Slicing Optimization, Survivability of Network Functions}
}

@techreport{WarrenDeliverableEditor,
    title = {{Deliverable D1.4 Design of infrastructure architecture and subsystems v2 Editor}},
    author = {Warren, Dan},
    keywords = {5G, Architecture}
}

@article{DeSilva2022DeploymentHealthcare,
    title = {{Deployment Options of 5G Network Slicing for Smart Healthcare}},
    year = {2022},
    author = {De Silva, Rakshitha and Siriwardhana, Yushan and Samarasinghe, Tharaka and Liyanage, Madhusanka and Ylianttila, Mika},
    month = {2},
    pages = {749--750},
    publisher = {Institute of Electrical and Electronics Engineers (IEEE)},
    doi = {10.1109/CCNC49033.2022.9700516}
}

@article{Koriem2020DetectingNetwork,
    title = {{Detecting and measuring holes in Wireless Sensor Network}},
    year = {2020},
    journal = {Journal of King Saud University - Computer and Information Sciences},
    author = {Koriem, S. M. and Bayoumi, M. A.},
    number = {8},
    month = {10},
    pages = {909--916},
    volume = {32},
    publisher = {Elsevier},
    doi = {10.1016/J.JKSUCI.2018.08.001},
    issn = {1319-1578},
    keywords = {Hole detection, WSN holes coverage, Wireless Sensor Networks}
}

@article{Gomes2021DifferentialScenarios,
    title = {{Differential Evolution for VNE-5G Scenarios}},
    year = {2021},
    journal = {2021 11th IFIP International Conference on New Technologies, Mobility and Security, NTMS 2021},
    author = {Gomes, Rayner and Vieira, Dario and Franklin De Castro, Miguel},
    month = {4},
    publisher = {Institute of Electrical and Electronics Engineers Inc.},
    isbn = {9781665443999},
    doi = {10.1109/NTMS49979.2021.9432655}
}

@article{ALEJANDROSANTOYO-GONZALEZAdvisor2020EdgeSolution,
    title = {{Edge computing infrastructure for 5G networks: a placement optimization solution}},
    year = {2020},
    journal = {TDX (Tesis Doctorals en Xarxa)},
    author = {ALEJANDRO SANTOYO-GONZ{\'{A}}LEZ Advisor, By},
    month = {9},
    publisher = {Universitat Polit{\`{e}}cnica de Catalunya},
    url = {https://www.tdx.cat/handle/10803/669552},
    keywords = {004, 621.3, {\`{A}}rees tem{\`{a}}tiques de la UPC::Enginyeria de la telecomunicaci{\'{o}}}
}

@article{Santoyo-GonzalezEdgeNetworks,
    title = {{Edge Nodes Infrastructure Placement Parameters for 5G Networks}},
    author = {Santoyo-Gonz{\'{a}}lez, Alejandro and Cervell{\'{o}}-Pastor, Cristina},
    keywords = {5G, Facility Location Problems, Fog Computing, Index Terms-Edge Computing, IoT, MEC, NFV}
}

@article{Volk2021EmergencyRelief,
    title = {{Emergency 5G Communication on-the-Move: Concept and field trial of a mobile satellite backhaul for public protection and disaster relief}},
    year = {2021},
    journal = {International Journal of Satellite Communications and Networking},
    author = {V{\"{o}}lk, Florian and Schwarz, Robert T. and Lorenz, Mario and Knopp, Andreas},
    number = {4},
    month = {7},
    pages = {417--430},
    volume = {39},
    publisher = {John Wiley and Sons Ltd},
    doi = {10.1002/SAT.1377},
    issn = {15420981},
    keywords = {4G, 5G, LTE, PPDR, SATCOM, satellite, testbed}
}

@article{Gomez2014EnablingNetworks,
    title = {{Enabling disaster-resilient 4G mobile communication networks}},
    year = {2014},
    journal = {IEEE Communications Magazine},
    author = {Gomez, Karina and Goratti, Leonardo and Rasheed, Tinku and Reynaud, Laurent},
    number = {12},
    pages = {66--73},
    volume = {52},
    publisher = {Institute of Electrical and Electronics Engineers Inc.},
    doi = {10.1109/MCOM.2014.6979954},
    issn = {01636804}
}

@article{Moosavi2021EnergyNetworks,
    title = {{Energy efficiency through joint routing and function placement in different modes of SDN/NFV networks}},
    year = {2021},
    journal = {Computer Networks},
    author = {Moosavi, Reza and Parsaeefard, Saeedeh and Maddah-Ali, Mohammad Ali and Shah-Mansouri, Vahid and Khalaj, Babak Hossein and Bennis, Mehdi},
    month = {12},
    pages = {108492},
    volume = {200},
    publisher = {Elsevier},
    doi = {10.1016/J.COMNET.2021.108492},
    issn = {1389-1286},
    arxivId = {2007.13230},
    keywords = {5G and 6G, Energy efficiency, Network function virtualization, Software defined networking}
}

@article{Moosavi2020EnergyNetworks,
    title = {{Energy Efficiency Through Joint Routing and Function Placement in Different Modes of SDN/NFV Networks}},
    year = {2020},
    author = {Moosavi, Reza and Parsaeefard, Saeedeh and Maddah-Ali, Mohammad Ali and Shah-Mansouri, Vahid and Hossein Khalaj, Babak and Bennis, Mehdi},
    isbn = {2007.13230v3},
    arxivId = {2007.13230v3}
}

@article{PamukluEnergy-EfficientO-RAN,
    title = {{Energy-Efficient and Delay-Guaranteed Joint Resource Allocation and DU Selection in O-RAN}},
    author = {Pamuklu, Turgay and Mollahasani, Shahram and Erol-Kantarci, Melike},
    doi = {10.1109/5GWF52925.2021.00025},
    arxivId = {2110.00035v2},
    keywords = {Index Terms-Energy-efficiency, Open Radio Access Networks (O-RAN), Resource allocation}
}

@article{Ambarani2021EnforcingSlicing,
    title = {{Enforcing Resource Allocation and VNF Embedding in RAN Slicing}},
    year = {2021},
    journal = {2021 IEEE Global Communications Conference, GLOBECOM 2021 - Proceedings},
    author = {Ambarani, Kashyab J. and Sharma, Shivansh and Komarabattini, Shravan and Thai, My T. and Nguyen, Tu N.},
    publisher = {Institute of Electrical and Electronics Engineers Inc.},
    isbn = {9781728181042},
    doi = {10.1109/GLOBECOM46510.2021.9685958},
    keywords = {RAN slicing, VNF embedding, resource allocation}
}

@article{Wong2017EnhancingRings,
    title = {{Enhancing the Survivability and Power Savings of 5G Transport Networks Based on DWDM Rings}},
    year = {2017},
    journal = {Journal of Optical Communications and Networking, Vol. 9, Issue 9, pp. D74-D85},
    author = {Wong, Elaine and Grigoreva, Elena and Wosinska, Lena and Machuca, Carmen Mas},
    number = {9},
    month = {9},
    pages = {D74-D85},
    volume = {9},
    publisher = {Optica Publishing Group},
    url = {https://opg.optica.org/viewmedia.cfm?uri=jocn-9-9-D74&seq=0&html=true https://opg.optica.org/abstract.cfm?uri=jocn-9-9-D74 https://opg.optica.org/jocn/abstract.cfm?uri=jocn-9-9-D74},
    doi = {10.1364/JOCN.9.000D74},
    issn = {1943-0639},
    keywords = {Dense wavelength division multiplexing, Fiber Bragg gratings, Optical access networks, Optical networks, Optical transceivers, Ring networks}
}

@misc{ETSITechnology,
    title = {{ETSI - Mobile Technologies - 5g, 5g Specs | Future Technology}},
    url = {https://www.etsi.org/technologies/5G}
}

@article{Thomas2019FINDER:5G,
    title = {{FINDER: A D2D based critical communications framework for disaster management in 5G}},
    year = {2019},
    journal = {Peer-to-Peer Networking and Applications},
    author = {Thomas, Anil and Raja, Gunasekaran},
    number = {4},
    month = {7},
    pages = {912--923},
    volume = {12},
    publisher = {Springer New York LLC},
    url = {https://link.springer.com/article/10.1007/s12083-018-0689-2},
    doi = {10.1007/S12083-018-0689-2/TABLES/3},
    issn = {19366450},
    keywords = {Critical communications, Device-to-Device communications, Disaster management, Energy efficiency, Network lifetime}
}

@misc{GitHubTraffic.,
    title = {{GitHub - IdahoLabResearch/5GAD: This is a dataset of 5G network traffic for use with machine learning tools to benchmark attack detection capabilities for multiple different models. The dataset contains simulated normal and attack 5G network traffic.}},
    url = {https://github.com/IdahoLabResearch/5GAD}
}

@article{Niu2020GPSO:Networks,
    title = {{GPSO: A graph-based heuristic algorithm for service function chain placement in data center networks}},
    year = {2020},
    journal = {Proceedings - 2020 IEEE 13th International Conference on Services Computing, SCC 2020},
    author = {Niu, Meng and Cheng, Bo and Chen, Jun Liang},
    month = {11},
    pages = {256--263},
    publisher = {Institute of Electrical and Electronics Engineers Inc.},
    isbn = {9781728187891},
    doi = {10.1109/SCC49832.2020.00041},
    keywords = {Network Function Virtualization, Reliability, Resources Allocation, Service Function Chain}
}

@misc{IEEEPDF:,
    title = {{IEEE Xplore Full-Text PDF:}},
    url = {https://ieeexplore.ieee.org/stamp/stamp.jsp?tp=&arnumber=9295415}
}

@misc{IEEEPDF:b,
    title = {{IEEE Xplore Full-Text PDF:}},
    url = {https://ieeexplore.ieee.org/stamp/stamp.jsp?tp=&arnumber=6463372}
}

@misc{IEEEPDF:c,
    title = {{IEEE Xplore Full-Text PDF:}},
    url = {https://ieeexplore.ieee.org/stamp/stamp.jsp?tp=&arnumber=8436705}
}

@misc{IEEEPDF:d,
    title = {{IEEE Xplore Full-Text PDF:}},
    url = {https://ieeexplore.ieee.org/stamp/stamp.jsp?tp=&arnumber=9032953}
}

@misc{IEEEPDF:e,
    title = {{IEEE Xplore Full-Text PDF:}},
    url = {https://ieeexplore.ieee.org/stamp/stamp.jsp?tp=&arnumber=8436705}
}

@misc{IEEEPDF:f,
    title = {{IEEE Xplore Full-Text PDF:}},
    url = {https://ieeexplore.ieee.org/stamp/stamp.jsp?tp=&arnumber=9032953}
}

@misc{IEEEPDF:g,
    title = {{IEEE Xplore Full-Text PDF:}},
    url = {https://ieeexplore.ieee.org/stamp/stamp.jsp?tp=&arnumber=9170008}
}

@misc{IEEEPDF:h,
    title = {{IEEE Xplore Full-Text PDF:}},
    url = {https://ieeexplore.ieee.org/stamp/stamp.jsp?tp=&arnumber=9482425}
}

@misc{IEEEPDF:i,
    title = {{IEEE Xplore Full-Text PDF:}},
    url = {https://ieeexplore.ieee.org/stamp/stamp.jsp?tp=&arnumber=9261244}
}

@misc{IEEEPDF:j,
    title = {{IEEE Xplore Full-Text PDF:}},
    url = {https://ieeexplore.ieee.org/stamp/stamp.jsp?tp=&arnumber=8436705}
}

@misc{IEEEPDF:k,
    title = {{IEEE Xplore Full-Text PDF:}},
    url = {https://ieeexplore.ieee.org/stamp/stamp.jsp?tp=&arnumber=9170008}
}

@article{Tian2020JointRRH,
    title = {{Joint Optimization of Survivability and Energy Efficiency in 5G C-RAN with mm-Wave Based RRH}},
    year = {2020},
    journal = {IEEE Access},
    author = {Tian, Bo and Zhang, Qi and Li, Yiqiang and Tornatore, Massimo},
    pages = {100159--100171},
    volume = {8},
    publisher = {Institute of Electrical and Electronics Engineers Inc.},
    doi = {10.1109/ACCESS.2020.2997396},
    issn = {21693536},
    keywords = {Backhaul link, Centralized radio access network, Energy efficiency, Millimeter wave, Survivability}
}

@article{KaliyammalLatency-awareCloud,
    title = {{Latency-aware and Survivable Mapping of VNFs in 5G Network Edge Cloud}},
    author = {Kaliyammal, Prabhu and Chakraborty, Abhishek and Siva, C and Murthy, Ram},
    arxivId = {2106.09849v1},
    keywords = {Closeness centrality, Index Terms-NFV, MEC, Network latency, Simulated annealing, Survivabil-ity, VNF}
}

@article{MoUPaper,
    title = {{MoU Open RAN Security White Paper}}
}

@article{JalalianNetworkSharing,
    title = {{Network Slicing in Virtualized 5G Core with VNF Sharing}},
    author = {Jalalian, Azad and Yousefi, Saleh and Kunz, Thomas},
    url = {https://ssrn.com/abstract=4076730},
    keywords = {5G Core, AMF, CNN, LSTM, Machine Learning, Network Slicing, Placement, SMF, UPF}
}

@article{Abhishek2020NetworkNetworks,
    title = {{Network Virtualization and Survivability of 5G Networks}},
    year = {2020},
    journal = {Journal of Network and Systems Management 2020 28:4},
    author = {Abhishek, Rohit and Tipper, David and Medhi, Deep},
    number = {4},
    month = {6},
    pages = {923--952},
    volume = {28},
    publisher = {Springer},
    url = {https://link.springer.com/article/10.1007/s10922-020-09541-0},
    isbn = {0123456789},
    doi = {10.1007/S10922-020-09541-0},
    issn = {1573-7705},
    keywords = {Communications Engineering, Computer Communication Networks, Computer Systems Organization and Communication Networks, Information Systems and Communication Service, Networks, Operations Research/Decision Theory}
}

@article{Asadi2016Network-assistedPractice,
    title = {{Network-assisted Outband D2D-clustering in 5G Cellular Networks: Theory and Practice}},
    year = {2016},
    author = {Asadi, Arash and Mancuso, Vincenzo},
    pages = {1536--1233},
    url = {http://www.ieee.org/publications_standards/publications/rights/index.html},
    doi = {10.1109/TMC.2016.2621041},
    keywords = {Clustering, Device-to-Device (D2D), Index Terms-5G, Protocol, Software Defined Radio (SDR), WiFi Direct}
}

@misc{O-RANYouTube,
    title = {{O-RAN Architecture and Use Cases - YouTube}},
    url = {https://www.youtube.com/watch?v=otlUOgwitmU}
}

@misc{OpenRANProject,
    title = {{OpenRAN MoU Group - Telecom Infra Project}},
    url = {https://telecominfraproject.com/openran-mou-group/}
}

@article{Frick2020PossibleNetwork,
    title = {{Possible Challenges and Appropriate Measures for a Resilient WMN-Based Disaster Network}},
    year = {2020},
    journal = {2020 World Conference on Computing and Communication Technologies, WCCCT 2020},
    author = {Frick, Gregor and Tchinda, Auberlin Paguem and Trick, Ulrich and Lehmann, Armin and Ghita, Bogdan},
    month = {5},
    pages = {70--78},
    publisher = {Institute of Electrical and Electronics Engineers Inc.},
    isbn = {9781728197388},
    doi = {10.1109/WCCCT49810.2020.9170008},
    keywords = {Disaster Networks, Network Function Virtualisation, Resilience, Wireless Mesh Networks}
}

@article{Wang2019Poster:AComputing,
    title = {{Poster:A Linear Programming Approach for SFC Placement in Mobile Edge Computing}},
    year = {2019},
    journal = {Proceedings of the Annual International Conference on Mobile Computing and Networking, MOBICOM},
    author = {Wang, Meng and Cheng, Bo and Chen, Junliang},
    publisher = {Association for Computing Machinery},
    doi = {10.1145/3300061.3343394},
    keywords = {linear programming, mec, nfv, placement, sfc}
}

@article{GhadialyPresentedBy,
    title = {{Presented By}},
    author = {Ghadialy, Zahid},
    url = {https://blog.3g4g.co.uk/}
}

@techreport{JALALSUPERVISORFrankYongLiPublicExperiments,
    title = {{Public Enabling Edge Computing In 5G Via Local Area Data Network: Implementation and Experiments}},
    author = {JALAL SUPERVISOR Frank Yong Li, Junaid}
}

@article{Premi2021RadioProtocol,
    title = {{Radio resource allocation and mobility accessment of 5G wireless network using adaptive Q-LEACH routing protocol}},
    year = {2021},
    journal = {Advances in Parallel Computing},
    author = {Premi, A. and Rajakumar, S.},
    pages = {469--473},
    volume = {38},
    publisher = {IOS Press BV},
    isbn = {9781643682020},
    doi = {10.3233/APC210086},
    issn = {1879808X},
    keywords = {Allocation Techniques, High Throughput, LEACH Protocol, Wireless Network}
}

@article{Zhai2021Reliability-AwareMethod,
    title = {{Reliability-Aware Service Function Chain Backup Protection Method}},
    year = {2021},
    journal = {IEEE Access},
    author = {Zhai, Dong and Meng, Xiangru and Yu, Zhenhua and Han, Xiaoyang},
    pages = {14660--14676},
    volume = {9},
    publisher = {Institute of Electrical and Electronics Engineers Inc.},
    doi = {10.1109/ACCESS.2021.3051045},
    issn = {21693536},
    keywords = {Network function virtualization, backup, reliability, service function chain, transmission delay}
}

@article{Frick2019RequirementsNetwork,
    title = {{Requirements for a Distributed NFV Orchestration in a WMN-Based Disaster Network}},
    year = {2019},
    journal = {6th International Conference on Information and Communication Technologies for Disaster Management, ICT-DM 2019},
    author = {Frick, Gregor and Tchinda, Auberlin Paguem and Shala, Besfort and Trick, Ulrich and Lehmann, Armin and Ghita, Bogdan},
    month = {12},
    publisher = {Institute of Electrical and Electronics Engineers Inc.},
    isbn = {9781728149202},
    doi = {10.1109/ICT-DM47966.2019.9032953},
    keywords = {Disaster Network, Distributed Orchestration, Network Function Virtualisation, Wireless Mesh Network}
}

@article{Frick2019RequirementsNetworkb,
    title = {{Requirements for a Distributed NFV Orchestration in a WMN-Based Disaster Network}},
    year = {2019},
    journal = {6th International Conference on Information and Communication Technologies for Disaster Management, ICT-DM 2019},
    author = {Frick, Gregor and Tchinda, Auberlin Paguem and Shala, Besfort and Trick, Ulrich and Lehmann, Armin and Ghita, Bogdan},
    month = {12},
    publisher = {Institute of Electrical and Electronics Engineers Inc.},
    isbn = {9781728149202},
    doi = {10.1109/ICT-DM47966.2019.9032953},
    keywords = {Disaster Network, Distributed Orchestration, Network Function Virtualisation, Wireless Mesh Network}
}

@article{Nwokonkwo2021ReviewNetworks,
    title = {{Review Techniques in Energy Conservation and Sink Node Privacy Preservation in Wireless Sensor Networks}},
    year = {2021},
    journal = {International Journal of Latest Technology in Engineering},
    author = {Nwokonkwo, O C and Ofeogbu, C I},
    volume = {X},
    url = {www.ijltemas.in},
    keywords = {Energy conservation, Security, Sink node privacy, WSN}
}

@article{Khan2020RouteLearning,
    title = {{Route Selection in 5G-based Flying Ad-hoc Networks using Reinforcement Learning}},
    year = {2020},
    journal = {Proceedings - 10th IEEE International Conference on Control System, Computing and Engineering, ICCSCE 2020},
    author = {Khan, Muhammad Fahad and Yau, Kok Lim Alvin},
    month = {8},
    pages = {23--28},
    publisher = {Institute of Electrical and Electronics Engineers Inc.},
    isbn = {9781728172439},
    doi = {10.1109/ICCSCE50387.2020.9204944},
    keywords = {5G, FANETs, flying ad-hoc networks, network lifetime, reinforcement learning, routing}
}

@article{Panev2020SDN-basedNetworks,
    title = {{SDN-based failure detection and recovery mechanism for 5G core networks}},
    year = {2020},
    journal = {Transactions on Emerging Telecommunications Technologies},
    author = {Panev, Strahil and Latkoski, Pero},
    number = {2},
    month = {2},
    volume = {31},
    publisher = {Wiley Blackwell},
    doi = {10.1002/ETT.3721},
    issn = {21613915}
}

@article{Papidas2022Self-OrganizingTop,
    title = {{Self-Organizing Networks for 5G and Beyond: A View from the Top}},
    year = {2022},
    journal = {Future Internet 2022, Vol. 14, Page 95},
    author = {Papidas, Andreas G. and Polyzos, George C.},
    number = {3},
    month = {3},
    pages = {95},
    volume = {14},
    publisher = {Multidisciplinary Digital Publishing Institute},
    url = {https://www.mdpi.com/1999-5903/14/3/95/htm https://www.mdpi.com/1999-5903/14/3/95},
    doi = {10.3390/FI14030095},
    issn = {1999-5903},
    keywords = {5G and B5G networks, IoT, SON applications and architecture, SON design and dimensioning, SON for 3G/4G, Type Communication (mMTC), URLLC, backhauling, healing, machine learning (ML) and artificial intelligence (AI) for SON, massive Machine, optimization, organization, self}
}

@article{ServiceNetworks,
    title = {{Service performance measurement methods over 5G experimental networks}},
    doi = {10.5281/zenodo.4748385}
}

@article{ServiceNetworksb,
    title = {{Service performance measurement methods over 5G experimental networks}},
    doi = {10.5281/zenodo.4748385}
}

@article{Liu2021SmarterSystem,
    title = {{Smarter Grid in the 5G Era: A Framework Integrating Power Internet of Things With a Cyber Physical System}},
    year = {2021},
    journal = {Frontiers in Communications and Networks},
    author = {Liu, Yuanjie and Yang, Xiongping and Wen, Wenkun and Xia, Minghua},
    month = {6},
    pages = {23},
    volume = {0},
    publisher = {Frontiers},
    doi = {10.3389/FRCMN.2021.689590},
    issn = {2673-530X},
    keywords = {5G, Cyber-physical power system, Energy flow, Power IoT, Smart Grid, Value flow, information flow}
}

@misc{SolutionsCisco,
    title = {{Solutions - Five Steps to 5G Deployment White Paper - Cisco}},
    url = {https://www.cisco.com/c/en/us/solutions/collateral/service-provider/service-offers-service-provider/white-paper-c11-742416.html}
}

@article{Altay2016StandaloneNetworks,
    title = {{Standalone eNode-B design with integrated virtual EPC in public safety networks}},
    year = {2016},
    journal = {Proceedings of the NOMS 2016 - 2016 IEEE/IFIP Network Operations and Management Symposium},
    author = {Altay, Can and Bozdemir, Nazli Zeynep and Camcioǧlu, Erdoǧan},
    month = {6},
    pages = {731--734},
    publisher = {Institute of Electrical and Electronics Engineers Inc.},
    isbn = {9781509002238},
    doi = {10.1109/NOMS.2016.7502887}
}

@article{Rawat2016TowardsCommunication,
    title = {{Towards efficient disaster management: 5G and Device to Device communication}},
    year = {2016},
    journal = {Proceedings of the 2015 2nd International Conference on Information and Communication Technologies for Disaster Management, ICT-DM 2015},
    author = {Rawat, Priyanka and Haddad, Majed and Altman, Eitan},
    month = {2},
    pages = {79--87},
    publisher = {Institute of Electrical and Electronics Engineers Inc.},
    isbn = {9781479999231},
    doi = {10.1109/ICT-DM.2015.7402056},
    keywords = {5G, Device to Device communication, Disaster communication, LTE, Mobile phone disaster mode, Survey}
}

@article{Fischer2013VirtualSurvey,
    title = {{Virtual network embedding: A survey}},
    year = {2013},
    journal = {IEEE Communications Surveys and Tutorials},
    author = {Fischer, Andreas and Botero, Juan Felipe and Beck, Michael Till and De Meer, Hermann and Hesselbach, Xavier},
    number = {4},
    pages = {1888--1906},
    volume = {15},
    doi = {10.1109/SURV.2013.013013.00155},
    issn = {1553877X},
    keywords = {Embedding algorithms, Network mapping, Network virtualization, Virtual network embedding, Virtual networks}
}

@article{Li2019VirtualNetworks,
    title = {{Virtual network function placement and resource optimization in NFV and edge computing enabled networks}},
    year = {2019},
    journal = {Computer Networks},
    author = {Li, Defang and Hong, Peilin and Xue, Kaiping and Pei, Jianing},
    pages = {12--24},
    volume = {152},
    url = {https://doi.org/10.1016/j.comnet.2019.01.036},
    doi = {10.1016/j.comnet.2019.01.036},
    keywords = {Edge computing, Resource optimization, Virtual network function placement}
}

@article{Qi2019VirtualizedCharacteristics,
    title = {{Virtualized Network Function Consolidation Based on Multiple Status Characteristics}},
    year = {2019},
    journal = {IEEE Access},
    author = {Qi, Dandan and Shen, Subin and Wang, Guanghui},
    pages = {59665--59679},
    volume = {7},
    publisher = {Institute of Electrical and Electronics Engineers Inc.},
    doi = {10.1109/ACCESS.2019.2915919},
    issn = {21693536},
    keywords = {Multiple status characteristics, network function virtualization (NFV), virtualized network function consolidation}
}

@misc{VirtualizedNetworks,
    title = {{Virtualized RAN-Vol.2 | Samsung Business Global Networks}},
    url = {https://www.samsung.com/global/business/networks/insights/white-papers/0406-virtualized-ran-vol-2/}
}

@article{Mechtri2017VNFCloud,
    title = {{VNF Placement and Chaining in Distributed Cloud}},
    year = {2017},
    author = {Mechtri, Marouen and Ghribi, Chaima and Zeghlache, Djamal},
    month = {1},
    pages = {376--383},
    publisher = {Institute of Electrical and Electronics Engineers (IEEE)},
    doi = {10.1109/CLOUD.2016.0057}
}

@article{Kiran2020VNFNetworks,
    title = {{VNF Placement and Resource Allocation in SDN/NFV-Enabled MEC Networks}},
    year = {2020},
    journal = {2020 IEEE Wireless Communications and Networking Conference Workshops, WCNCW 2020 - Proceedings},
    author = {Kiran, Nahida and Liu, Xuanlin and Wang, Sihua and Yin, Changchuan},
    month = {4},
    publisher = {Institute of Electrical and Electronics Engineers Inc.},
    isbn = {9781728151786},
    doi = {10.1109/WCNCW48565.2020.9124910}
}

@article{WileyVNFNetworks,
    title = {{VNF Placement and Sharing in NFV-based Cellular Networks}},
    author = {Wiley, John},
    url = {http://dx.doi.org/10.1002/},
    isbn = {9781119471509},
    doi = {10.1002/9781119471509}
}

@article{Leivadeas2019VNFCloud,
    title = {{VNF placement optimization at the edge and cloud}},
    year = {2019},
    journal = {Future Internet},
    author = {Leivadeas, Aris and Kesidis, George and Ibnkahla, Mohamed and Lambadaris, Ioannis},
    number = {3},
    volume = {11},
    publisher = {MDPI AG},
    doi = {10.3390/FI11030069},
    issn = {19995903},
    keywords = {Cloud computing, IoT, MEC, NFV, Service chain, VNF placement}
}

@article{LeivadeasVNF,
    title = {{VNF Placement Optimization at the Edge and Cloud †}},
    author = {Leivadeas, Aris and Kesidis, George and Ibnkahla, Mohamed and Lambadaris, Ioannis},
    url = {www.mdpi.com/journal/futureinternet},
    doi = {10.3390/fi11030069},
    keywords = {IoT, MEC, NFV, VNF placement, cloud computing, service chain}
}